   @TECHREPORT{1122,
      AUTHOR = {Robert Braden},
      TITLE = "{\it Requirements for Internet Hosts -- Communication Layers}",
      HOWPUBLISHED = {Internet Requests for Comments},
      TYPE="{RFC}",
      NUMBER=1122,
      PAGES = {1-116},
      YEAR = {1989},
      MONTH = {October},
      PUBLISHER = "{RFC Editor}",
      INSTITUTION = "{RFC Editor}",
      URL={https://tools.ietf.org/html/rfc1122}
   }

   @BOOK{nmap,
      author =       "Gordon Lyon",
      title =        "{\it Nmap Network Scanning}",
      ISBN = {978-0-9799587-1-7},
      publisher = {Insecure Press},
      year =         {2009},
      month =        {January},
      url =          "http://nmap.org/book/",
   }

@TECHREPORT{peer,
	AUTHOR = {Alvaro Retana, Douglas White},
	TITLE = "{\it Using 31-Bit Prefixes on IPv4 Point-to-Point Links}",
	HOWPUBLISHED = {Internet Requests for Comments},
	TYPE="{RFC}",
	NUMBER=3021,
	PAGES = {1-10},
	YEAR = {2000},
	MONTH = {December},
	PUBLISHER = "{RFC Editor}",
	INSTITUTION = "{RFC Editor}",
	URL={https://tools.ietf.org/html/rfc3021}
}



  