%%% Diplomovka
@MasterThesis{
	cerny,
	author = {Martin Černý},
	title = {Znakové sady v typografických systémech},
	school = {Mendelova Zemědělská a Lesnická univerzita v Brne,
	Fakulta Provozně Ekonomická},
	year = {1999},
	type = {Diplomová práca},
	address = {Brno},
}

%%% Bakalarka
@BachelorThesis{
	fiala,
	author = {Jakub Fiala},
	title = {Korekce dle typografických pravidel a jejich výuka},
	school = {Masarykova univerzita, Fakulta Informatiky},
	year = {2011},
	type = {Bakalárska práca},
	address = {Brno},
}

%%% Online
@Misc{
	kosto,
	author = {Peter Kostolányi},
	title = {Rýchlokurz \LaTeX u},
	url = {http://foja.dcs.fmph.uniba.sk/materialy/rychlokurz.pdf},
	cited = "14.\,4.\,2017",
	year = {2014},
}

%%% Online
@Misc{
	satra,
	author = {Pavel Satrapa},
	title = {\LaTeX\ pro pragmatiky},
	url = {http://mirrors.nic.cz/tex-archive/info/czech/latex-pro-pragmatiky/latex-pro-pragmatiky.pdf},
	cited = "14.\,4.\,2017",
	year = {2014},
}

%%% Online
@Misc{
	groger,
	author = {Andriy Ostapovets and Roman Gröger},
	title = {Úvod do počítačové typografie},
	url = {http://groger.ipm.cz/workshops/ipm-latex.pdf},
	cited = "14.\,4.\,2017",
	year = {2013},
}

%%% Casopis
@article{
	typo,
	author = {František Bělohlávek},
	title = {Odborný časopis českých polygrafů a typografů},
	journal = {Typografia},
	year = {2012},
	volume = {3},
	number = {21},
	issn = {0322-9068},
}

%%% Casopis
@article{
	wong,
	author = {Bang Wong},
	title = {Points of view: Typography},
	journal = {Nature Methods},
	year = {2011},
	volume = {8},
	number = {4},
	issn = {1548-7091}
}

%%% Zahranicna kniha
@book{
	kopka,
	author = {Helmut Kopka and Patrick W. Daly},
	title = {Guide to \LaTeX},
	isbn = {0-321-17385-6},
	edition = {4},
	year = {2004},
	address= {Boston, Massachusetts},
	publisher = {Addison-Wesley Professional},
}

%%% Kniha
@book{
	rybic,
	author = {Jiří Rybička},
	title = {\LaTeX\  pro začátečníky},
	isbn = {80-7302-049-1},
	edition = {3},
	year = {2003},
	publisher = {KONVOJ, spol. s.r.o},
	address = {Brno},
}

@book{
	kottw,
	author = {Stefa Kottwitz},
	title = {\LaTeX\ Beginners guide},
	pages = {8-9},
	isbn = {978-1-847199-86-7},
	edition = {1},
	year = {2011},
	address= {Birmingham},
	publisher = {UK: Packt Publishing},
}

