@MISC{16b,
	author =       "CRC RevEng",
	title =        "{\it Catalogue of parametrised CRC algorithms with 16 bits}",
	url =          "http://reveng.sourceforge.net/crc-catalogue/16.htm#crc.cat-bits.16",
	note =         "[Online; navštívené 29.12.2017]"
}

@MISC{32b,
	author =       "CRC RevEng",
	title =        "{\it Catalogue of parametrised CRC algorithms with 17 or more bits}",
	url =          "http://reveng.sourceforge.net/crc-catalogue/17plus.htm#crc.cat-bits.32",
	note =         "[Online; navštívené 29.12.2017]"
}

@MISC{ksdk,
	author =       "Freescale Semiconductors",
	title =        "{\it Getting Started with Kinetis SDK (KSDK) v.2.0}",
	url =          "https://www.nxp.com/docs/en/user-guide/KSDK20GSUG.pdf",
	note =         "[Online; navštívené 29.12.2017]"
}

@MISC{crc,
	author =	   "Anton Isakov",
	title = 	   "{\it CRC Calc}",
	url = 		   "http://crccalc.com/",
	note =         "[Online; navštívené 29.12.2017]"
}

@MISC{wiki,
	author =	   "Wikipedia",
	title = 	   "{\it Cyclic redundancy check}",
	url = 		   "https://en.wikipedia.org/wiki/Cyclic_redundancy_check#CRC-32_algorithm",
	note =         "[Online; navštívené 29.12.2017]"
}

@MISC{crc32,
	author =	   "Medium",
	title = 	   "{\it CRC-32 without lookup tables}",
	url = 		   "https://medium.com/@nxtchg/crc-32-without-lookup-tables-1682405aa048",
	note =         "[Online; navštívené 29.12.2017]"
}


